---------------- TAXIS -------------------------------------
@article{Barret2003taxi+ireland
  title={Regulatory capture, property rights and taxi deregulation: a case study},
  author={Barrett, Sean D.},
  journal={Economic Affairs},
  volume={23},
  number={4},
  pages={34-40},
  year={2003},
  month={December},
  publisher={Blackwell Publishing, Oxford}
}

@article{DeVany1975taxi+capacity,
  title={Capacity utilization under alternative regulatory restraints: an analysis of taxi markets},
  author={De Vany, Arthur S},
  journal={The Journal of Political Economy},
  pages={83--94},
  year={1975},
  publisher={JSTOR}
}

@article{Douglas1972taxi+regulation,
  title = {Price Regulation and Optimal Service Standards: The Taxicab Industry},
  author = {Douglas, George W.},
  journal = {Journal of Transport Economics and Policy},
  volume = {6},
  number = {2},
  pages = {116-127},
  url = {http://www.jstor.org/stable/20052271},
  ISSN = {00225258},
  abstract = {In a market of cruising taxis price competition is impracticable, and service (measured by waiting time) cannot be differentiated by customers' willingness to pay. This article examines the principles governing the setting of efficient prices to attain maximum use of the service.},
  language = {English},
  year = {1972},
  month = {May},
  publisher = {University of Bath and The London School of Economics and Political Science},
  copyright = {Copyright Â© 1972 The London School of Economics and Political Science and University of Bath},
}

@article{Gaunt1995taxi+newzealand,
  title={The impact of taxi deregulation on small urban areas: some New Zealand evidence},
  author={Gaunt, Clive},
  journal={Transport Policy},
  volume={2},
  number={4},
  pages={257-262},
  year={1995},
  publisher={Elsevier}
}

@article{Gaunt1996taxi+newzealand,
  title={Taxicab deregulation in New Zealand},
  author={Gaunt, Clive},
  journal={Journal of Transport Economics and Policy},
  pages={103--106},
  year={1996},
  publisher={JSTOR}
}


@article{Salanova2011taxi+review,
  title={A review of the modeling of taxi services},
  author={Salanova, Josep Maria and Estrada, Miquel and Aifadopoulou, Georgia and Mitsakis, Evangelos},
  journal={Procedia-Social and Behavioral Sciences},
  volume={20},
  pages={150-161},
  year={2011},
  publisher={Elsevier}
}

@article{Wong2008taxi+modeling,
  title={Modeling urban taxi services with multiple user classes and vehicle modes},
  author={Wong, KI and Wong, SC and Yang, Hai and Wu, JH},
  journal={Transportation Research Part B: Methodological},
  volume={42},
  number={10},
  pages={985-1007},
  year={2008},
  publisher={Elsevier},
  doi={10.1111/j.1468-0270.2003.00441.x}
}

@article{Yang1998taxi+network,
  title={A network model of urban taxi services},
  author={Yang, Hai and Wong, SC},
  journal={Transportation Research Part B: Methodological},
  volume={32},
  number={4},
  pages={235-246},
  year={1998},
  publisher={Elsevier}
}

@article{Yang2000taxi+utilization,
  year={2000},
  issn={0049-4488},
  journal={Transportation},
  volume={27},
  number={3},
  doi={10.1023/A:1005289504549},
  title={A macroscopic taxi model for passenger demand, taxi utilization and level of services},
  url={http://dx.doi.org/10.1023/A%3A1005289504549},
  publisher={Kluwer Academic Publishers},
  keywords={demand; level of service; model calibration; simultaneous equation system; supply; taxi regulation; taxi traffic; taxi utilization},
  author={Yang, Hai and Lau, YanWing and Wong, SzeChun and Lo, HongKam},
  pages={317-340},
  language={English}
}

@article{Yang2002taxi+demand,
  title={Demand--supply equilibrium of taxi services in a network under competition and regulation},
  author={Yang, Hai and Wong, Sze Chun and Wong, KI},
  journal={Transportation Research Part B: Methodological},
  volume={36},
  number={9},
  pages={799-819},
  year={2002},
  publisher={Elsevier}
}

@article{Yang2010taxi+nonlinear,
  title={Nonlinear pricing of taxi services},
  author={Yang, Hai and Fung, CS and Wong, KI and Wong, SC},
  journal={Transportation Research Part A: Policy and Practice},
  volume={44},
  number={5},
  pages={337-348},
  year={2010},
  publisher={Elsevier}
}
