@article{Lou2011ai+highways,
  title={Optimal dynamic pricing strategies for high-occupancy/toll lanes},
  author={Lou, Yingyan and Yin, Yafeng and Laval, Jorge A},
  journal={Transportation Research Part C: Emerging Technologies},
  volume={19},
  number={1},
  pages={64-74},
  year={2011},
  publisher={Elsevier}
}

@inproceedings{Tavares2012ai+routing,
  title={Reinforcement learning for route choice in an abstract traffic scenario},
  author={Tavares, Anderson R and Bazzan, Ana LC},
  booktitle={VI Workshop-Escola de Sistemas de Agentes, seus Ambientes e aplica{\c{c}}oes (WESAAC)},
  pages={141-153},
  year={2012}
}
