@article{Brinkmann2007graphs+generate,
  title={Fast generation of planar graphs},
  author={Brinkmann, Gunnar and McKay, Brendan D},
  journal={MATCH Commun. Math. Comput. Chem},
  volume={58},
  number={2},
  pages={323--357},
  year={2007},
  publisher={Citeseer}
}

@inproceedings{Eisenstat2011graphs+quadtree,
  title={Random Road Networks: The Quadtree Model.},
  author={Eisenstat, David},
  booktitle={ANALCO},
  pages={76--84},
  year={2011},
  organization={SIAM}
}

@incollection{Emele2013pricing+rural,
  title={Agent-driven variable pricing in flexible rural transport services},
  author={Emele, C David and Oren, Nir and Zeng, Cheng and Wright, Steve and Velaga, Nagendra and Nelson, John and Norman, Timothy J and Farrington, John},
  booktitle={Highlights on Practical Applications of Agents and Multi-Agent Systems},
  pages={24--35},
  year={2013},
  publisher={Springer}
}

@article{Kaddoura2013social+cost,
  title={Optimal public transport pricing: Towards an agent-based marginal social cost approach},
  author={Kaddoura, Ihab and Kickh{\"o}fer, Benjamin and Neumann, Andreas and Tirachini, Alejandro},
  journal={hEART},
  pages={13-09},
  year={2013}
}

@article{Masucci2009graphs+london,
  title={Random planar graphs and the London street network},
  author={Masucci, AP and Smith, D and Crooks, A and Batty, M},
  journal={The European Physical Journal B},
  volume={71},
  number={2},
  pages={259--271},
  year={2009},
  publisher={Springer}
}

@techreport{Neumann2011berlin,
  title={Micro meets macro: A combined approach for a large-scale, agent-based, multi-modal and dynamic transport model for Berlin},
  author={Neumann, Andreas and Balmer, Michael},
  year={2011},
  institution={VSP Working Paper 11-14, TU Berlin, Transport Systems Planning and Transport Telematics, see www. vsp. tu-berlin. de/publications}
}
