@online{Bundler,
  title={Bundler: The best way to manage a Ruby application's gems},
  author={Bundler.io},
  url={http://bundler.io/},
  year={2014},
  urldate={2014-05-04}
}

@online{Git,
  title={Git},
  author={Git},
  url={http://git-scm.com/},
  year={2014},
  urldate={2014-05-04}
}

@online{Github,
  title={GitHub},
  author={GitHub Inc.},
  url={https://github.com/},
  year={2014},
  urldate={2014-05-04}
}

@online{Guard,
  title={Guard},
  author={Guillaume-Gentil, Thibaud},
  url={https://github.com/guard/guard},
  year={2014},
  urldate={2014-05-04}
}

@online{Plexus,
  title={Plexus},
  author={Plexus community},
  url={https://github.com/chikamichi/plexus},
  year={2014},
  urldate={2014-05-04}
}

@online{Rake,
  title={Rake -- Ruby Make},
  author={Weirich, Jim},
  url={https://github.com/jimweirich/rake},
  year={2014},
  urldate={2014-05-04}
}

@online{Rgl,
  title={Ruby Graph Library},
  author={Duchene, Horst},
  url={http://rgl.rubyforge.org/rgl/index.html},
  year={2008},
  urldate={2014-05-04}
}

@online{Rspec,
  title={Rspec},
  author={Marston, Myron},
  url={https://relishapp.com/rspec},
  year={2014},
  urldate={2014-05-04}
}

@online{Ruby,
  title={Ruby Programming Language},
  author={Members of the Ruby community},
  url={https://www.ruby-lang.org/},
  year={2014},
  urldate={2014-05-04}
}

@online{Rubygems,
  title={RubyGems.org | your community gem host},
  author={RubyGems.org},
  url={http://rubygems.org/},
  year={2014},
  urldate={2014-05-04}
}

@online{Rvm,
  title={RVM - Ruby Version Manager},
  author={Papis, Michal and Seguin, Wayne E.},
  url={http://rvm.io/},
  year={2014},
  urldate={2014-05-04}
}

@online{Simplecov,
  title={Simplecov},
  author={Olszowka, Christoph},
  url={https://github.com/colszowka/simplecov},
  year={2014},
  urldate={2014-05-04}
}

@online{Vagrant,
  title={Vagrant},
  author={HashiCorp},
  url={http://www.vagrantup.com/},
  year={2013},
  urldate={2014-05-04}
}

@online{Virtualbox,
  title={Oracle VM Virtualbox},
  author={Oracle Corporation},
  url={https://www.virtualbox.org/},
  year={2014},
  urldate={2014-05-04}
}
