
@article{ben2010road,
  title={Which road do I take? A learning-based model of route-choice behavior with real-time information},
  author={Ben-Elia, Eran and Shiftan, Yoram},
  journal={Transportation Research Part A: Policy and Practice},
  volume={44},
  number={4},
  pages={249--264},
  year={2010},
  publisher={Elsevier}
}

@incollection{emele2013agent,
  title={Agent-Driven Variable Pricing in Flexible Rural Transport Services},
  author={Emele, C David and Oren, Nir and Zeng, Cheng and Wright, Steve and Velaga, Nagendra and Nelson, John and Norman, Timothy J and Farrington, John},
  booktitle={Highlights on Practical Applications of Agents and Multi-Agent Systems},
  pages={24--35},
  year={2013},
  publisher={Springer}
}

@article{lou2011optimal,
  title={Optimal dynamic pricing strategies for high-occupancy/toll lanes},
  author={Lou, Yingyan and Yin, Yafeng and Laval, Jorge A},
  journal={Transportation Research Part C: Emerging Technologies},
  volume={19},
  number={1},
  pages={64--74},
  year={2011},
  publisher={Elsevier}
}

@inproceedings{tavares2012reinforcement,
  title={Reinforcement learning for route choice in an abstract traffic scenario},
  author={Tavares, Anderson Rocha and Bazzan, Ana Lucia Cetertich},
  booktitle={VI Workshop-Escola de Sistemas de Agentes, seus Ambientes e aplica{\c{c}}oes (WESAAC)},
  pages={141--153},
  year={2012}
}